%YAML 1.1
%TAG !u! tag:unity3d.com,2011:
--- !u!1001 &100100000
Prefab:
  m_ObjectHideFlags: 1
  serializedVersion: 2
  m_Modification:
    m_TransformParent: {fileID: 0}
    m_Modifications: []
    m_RemovedComponents: []
  m_SourcePrefab: {fileID: 0}
  m_RootGameObject: {fileID: 1000010399565210}
  m_IsPrefabAsset: 1
--- !u!1 &1000010026164412
GameObject:
  m_ObjectHideFlags: 0
  m_CorrespondingSourceObject: {fileID: 0}
  m_PrefabInternal: {fileID: 100100000}
  serializedVersion: 6
  m_Component:
  - component: {fileID: 4000012275340098}
  - component: {fileID: 33000012894730898}
  - component: {fileID: 23000012888620686}
  - component: {fileID: 95000012146256154}
  - component: {fileID: 65000012559305590}
  - component: {fileID: 208000010924982852}
  - component: {fileID: 114000011251459020}
  - component: {fileID: 54000013023140930}
  - component: {fileID: 65207574883119130}
  m_Layer: 0
  m_Name: doorbase
  m_TagString: Untagged
  m_Icon: {fileID: 0}
  m_NavMeshLayer: 0
  m_StaticEditorFlags: 0
  m_IsActive: 1
--- !u!1 &1000010399565210
GameObject:
  m_ObjectHideFlags: 0
  m_CorrespondingSourceObject: {fileID: 0}
  m_PrefabInternal: {fileID: 100100000}
  serializedVersion: 6
  m_Component:
  - component: {fileID: 4000013101197700}
  m_Layer: 0
  m_Name: door
  m_TagString: Untagged
  m_Icon: {fileID: 0}
  m_NavMeshLayer: 0
  m_StaticEditorFlags: 0
  m_IsActive: 1
--- !u!1 &1000010402830542
GameObject:
  m_ObjectHideFlags: 0
  m_CorrespondingSourceObject: {fileID: 0}
  m_PrefabInternal: {fileID: 100100000}
  serializedVersion: 6
  m_Component:
  - component: {fileID: 4000012994099818}
  - component: {fileID: 114000011870605822}
  - component: {fileID: 135000013366015786}
  m_Layer: 0
  m_Name: walkPointR
  m_TagString: Untagged
  m_Icon: {fileID: 0}
  m_NavMeshLayer: 0
  m_StaticEditorFlags: 0
  m_IsActive: 1
--- !u!1 &1000010798904052
GameObject:
  m_ObjectHideFlags: 0
  m_CorrespondingSourceObject: {fileID: 0}
  m_PrefabInternal: {fileID: 100100000}
  serializedVersion: 6
  m_Component:
  - component: {fileID: 4000010384982572}
  - component: {fileID: 114000012360099506}
  - component: {fileID: 135000011842876086}
  m_Layer: 0
  m_Name: walkPointL
  m_TagString: Untagged
  m_Icon: {fileID: 0}
  m_NavMeshLayer: 0
  m_StaticEditorFlags: 0
  m_IsActive: 1
--- !u!1 &1000011100331018
GameObject:
  m_ObjectHideFlags: 0
  m_CorrespondingSourceObject: {fileID: 0}
  m_PrefabInternal: {fileID: 100100000}
  serializedVersion: 6
  m_Component:
  - component: {fileID: 4000013222182634}
  m_Layer: 0
  m_Name: turnPoint
  m_TagString: Untagged
  m_Icon: {fileID: 0}
  m_NavMeshLayer: 0
  m_StaticEditorFlags: 0
  m_IsActive: 1
--- !u!1 &1000012314457214
GameObject:
  m_ObjectHideFlags: 0
  m_CorrespondingSourceObject: {fileID: 0}
  m_PrefabInternal: {fileID: 100100000}
  serializedVersion: 6
  m_Component:
  - component: {fileID: 4000012469320492}
  - component: {fileID: 65000010278855672}
  - component: {fileID: 54000011937595302}
  - component: {fileID: 114000014017733324}
  m_Layer: 13
  m_Name: doortaginnerl
  m_TagString: Interactive
  m_Icon: {fileID: 0}
  m_NavMeshLayer: 0
  m_StaticEditorFlags: 0
  m_IsActive: 1
--- !u!1 &1000012603897224
GameObject:
  m_ObjectHideFlags: 1
  m_CorrespondingSourceObject: {fileID: 0}
  m_PrefabInternal: {fileID: 100100000}
  serializedVersion: 6
  m_Component:
  - component: {fileID: 4000010794799336}
  - component: {fileID: 114000011215508058}
  m_Layer: 0
  m_Name: KnobL
  m_TagString: Untagged
  m_Icon: {fileID: 0}
  m_NavMeshLayer: 0
  m_StaticEditorFlags: 0
  m_IsActive: 1
--- !u!1 &1000013248543072
GameObject:
  m_ObjectHideFlags: 0
  m_CorrespondingSourceObject: {fileID: 0}
  m_PrefabInternal: {fileID: 100100000}
  serializedVersion: 6
  m_Component:
  - component: {fileID: 4000010931966908}
  - component: {fileID: 65000013120399838}
  - component: {fileID: 54000013991569868}
  - component: {fileID: 114000011545723970}
  m_Layer: 13
  m_Name: doortaginnerr
  m_TagString: Interactive
  m_Icon: {fileID: 0}
  m_NavMeshLayer: 0
  m_StaticEditorFlags: 0
  m_IsActive: 1
--- !u!1 &1000013256600236
GameObject:
  m_ObjectHideFlags: 0
  m_CorrespondingSourceObject: {fileID: 0}
  m_PrefabInternal: {fileID: 100100000}
  serializedVersion: 6
  m_Component:
  - component: {fileID: 4000011746072066}
  m_Layer: 0
  m_Name: walkPointL2
  m_TagString: Untagged
  m_Icon: {fileID: 0}
  m_NavMeshLayer: 0
  m_StaticEditorFlags: 0
  m_IsActive: 1
--- !u!1 &1000013473283014
GameObject:
  m_ObjectHideFlags: 0
  m_CorrespondingSourceObject: {fileID: 0}
  m_PrefabInternal: {fileID: 100100000}
  serializedVersion: 6
  m_Component:
  - component: {fileID: 4000011317832552}
  - component: {fileID: 33000012813060512}
  - component: {fileID: 65000010520037024}
  - component: {fileID: 23000014126288542}
  - component: {fileID: 208000012756156830}
  m_Layer: 0
  m_Name: doorBlocker
  m_TagString: Untagged
  m_Icon: {fileID: 0}
  m_NavMeshLayer: 0
  m_StaticEditorFlags: 0
  m_IsActive: 1
--- !u!1 &1000013681286010
GameObject:
  m_ObjectHideFlags: 1
  m_CorrespondingSourceObject: {fileID: 0}
  m_PrefabInternal: {fileID: 100100000}
  serializedVersion: 6
  m_Component:
  - component: {fileID: 4000012135991378}
  - component: {fileID: 114000010179032694}
  m_Layer: 0
  m_Name: KnobR
  m_TagString: Untagged
  m_Icon: {fileID: 0}
  m_NavMeshLayer: 0
  m_StaticEditorFlags: 0
  m_IsActive: 1
--- !u!1 &1240177451575842
GameObject:
  m_ObjectHideFlags: 1
  m_CorrespondingSourceObject: {fileID: 0}
  m_PrefabInternal: {fileID: 100100000}
  serializedVersion: 6
  m_Component:
  - component: {fileID: 4789849655082982}
  - component: {fileID: 65870521064489026}
  - component: {fileID: 65000010079267672}
  - component: {fileID: 54414550474244528}
  - component: {fileID: 114359897404460256}
  m_Layer: 13
  m_Name: DoorTagR
  m_TagString: Interactive
  m_Icon: {fileID: 0}
  m_NavMeshLayer: 0
  m_StaticEditorFlags: 0
  m_IsActive: 1
--- !u!1 &1768085217943144
GameObject:
  m_ObjectHideFlags: 0
  m_CorrespondingSourceObject: {fileID: 0}
  m_PrefabInternal: {fileID: 100100000}
  serializedVersion: 6
  m_Component:
  - component: {fileID: 4391878245825258}
  - component: {fileID: 33404147142434706}
  - component: {fileID: 136934741826917994}
  - component: {fileID: 191775778177606062}
  m_Layer: 0
  m_Name: Link1
  m_TagString: Untagged
  m_Icon: {fileID: 0}
  m_NavMeshLayer: 0
  m_StaticEditorFlags: 0
  m_IsActive: 1
--- !u!1 &1918780607560614
GameObject:
  m_ObjectHideFlags: 1
  m_CorrespondingSourceObject: {fileID: 0}
  m_PrefabInternal: {fileID: 100100000}
  serializedVersion: 6
  m_Component:
  - component: {fileID: 4532542572140102}
  - component: {fileID: 65303160052227760}
  - component: {fileID: 65000012413506490}
  - component: {fileID: 54078117277959968}
  - component: {fileID: 114618760058033696}
  m_Layer: 13
  m_Name: DoorTagL
  m_TagString: Interactive
  m_Icon: {fileID: 0}
  m_NavMeshLayer: 0
  m_StaticEditorFlags: 0
  m_IsActive: 1
--- !u!1 &1960283318731948
GameObject:
  m_ObjectHideFlags: 0
  m_CorrespondingSourceObject: {fileID: 0}
  m_PrefabInternal: {fileID: 100100000}
  serializedVersion: 6
  m_Component:
  - component: {fileID: 4395005530085904}
  - component: {fileID: 33053604894533972}
  - component: {fileID: 136294943551676618}
  m_Layer: 0
  m_Name: Link2
  m_TagString: Untagged
  m_Icon: {fileID: 0}
  m_NavMeshLayer: 0
  m_StaticEditorFlags: 0
  m_IsActive: 1
--- !u!4 &4000010384982572
Transform:
  m_ObjectHideFlags: 1
  m_CorrespondingSourceObject: {fileID: 0}
  m_PrefabInternal: {fileID: 100100000}
  m_GameObject: {fileID: 1000010798904052}
  m_LocalRotation: {x: 0.7071068, y: -0, z: 1.4210856e-14, w: 0.7071068}
  m_LocalPosition: {x: -2.7, y: 2.9, z: 0.07}
  m_LocalScale: {x: 0.5200001, y: 0.52000016, z: 0.52000016}
  m_Children: []
  m_Father: {fileID: 4000013101197700}
  m_RootOrder: 1
  m_LocalEulerAnglesHint: {x: 90, y: 0, z: 0}
--- !u!4 &4000010794799336
Transform:
  m_ObjectHideFlags: 1
  m_CorrespondingSourceObject: {fileID: 0}
  m_PrefabInternal: {fileID: 100100000}
  m_GameObject: {fileID: 1000012603897224}
  m_LocalRotation: {x: 0, y: 0, z: 0, w: 1}
  m_LocalPosition: {x: -4.3, y: 0.4, z: 4.9}
  m_LocalScale: {x: 1, y: 1, z: 1}
  m_Children: []
  m_Father: {fileID: 4532542572140102}
  m_RootOrder: 0
  m_LocalEulerAnglesHint: {x: 0, y: 0, z: 0}
--- !u!4 &4000010931966908
Transform:
  m_ObjectHideFlags: 1
  m_CorrespondingSourceObject: {fileID: 0}
  m_PrefabInternal: {fileID: 100100000}
  m_GameObject: {fileID: 1000013248543072}
  m_LocalRotation: {x: -0, y: 3.5527145e-15, z: 1.4210855e-14, w: 1}
  m_LocalPosition: {x: 0, y: 0, z: 0}
  m_LocalScale: {x: 1, y: 1, z: 1}
  m_Children: []
  m_Father: {fileID: 4000013101197700}
  m_RootOrder: 7
  m_LocalEulerAnglesHint: {x: 0, y: 0, z: 0}
--- !u!4 &4000011317832552
Transform:
  m_ObjectHideFlags: 1
  m_CorrespondingSourceObject: {fileID: 0}
  m_PrefabInternal: {fileID: 100100000}
  m_GameObject: {fileID: 1000013473283014}
  m_LocalRotation: {x: 0, y: 0, z: 0, w: 1}
  m_LocalPosition: {x: -2.27, y: 0, z: 4.8}
  m_LocalScale: {x: 4.8, y: 0.4, z: 9.6}
  m_Children: []
  m_Father: {fileID: 4000013101197700}
  m_RootOrder: 5
  m_LocalEulerAnglesHint: {x: 0, y: 0, z: 0}
--- !u!4 &4000011746072066
Transform:
  m_ObjectHideFlags: 1
  m_CorrespondingSourceObject: {fileID: 0}
  m_PrefabInternal: {fileID: 100100000}
  m_GameObject: {fileID: 1000013256600236}
  m_LocalRotation: {x: 0.7071068, y: -0, z: 1.4210856e-14, w: 0.7071068}
  m_LocalPosition: {x: -2.7000008, y: 5.61, z: 0.06999995}
  m_LocalScale: {x: 0.52000034, y: 0.52000016, z: 0.5200005}
  m_Children: []
  m_Father: {fileID: 4000013101197700}
  m_RootOrder: 2
  m_LocalEulerAnglesHint: {x: 90, y: 0, z: 0}
--- !u!4 &4000012135991378
Transform:
  m_ObjectHideFlags: 1
  m_CorrespondingSourceObject: {fileID: 0}
  m_PrefabInternal: {fileID: 100100000}
  m_GameObject: {fileID: 1000013681286010}
  m_LocalRotation: {x: 0, y: 0, z: 0, w: 1}
  m_LocalPosition: {x: -4.3, y: -0.4, z: 4.9}
  m_LocalScale: {x: 1, y: 1, z: 1}
  m_Children: []
  m_Father: {fileID: 4789849655082982}
  m_RootOrder: 0
  m_LocalEulerAnglesHint: {x: 0, y: 0, z: 0}
--- !u!4 &4000012275340098
Transform:
  m_ObjectHideFlags: 1
  m_CorrespondingSourceObject: {fileID: 0}
  m_PrefabInternal: {fileID: 100100000}
  m_GameObject: {fileID: 1000010026164412}
  m_LocalRotation: {x: -0, y: -0, z: 1.0658141e-14, w: 1}
  m_LocalPosition: {x: 0, y: 0, z: 0}
  m_LocalScale: {x: 1, y: 1, z: 1}
  m_Children:
  - {fileID: 4532542572140102}
  - {fileID: 4789849655082982}
  m_Father: {fileID: 4000013101197700}
  m_RootOrder: 0
  m_LocalEulerAnglesHint: {x: 0, y: 0, z: 0}
--- !u!4 &4000012469320492
Transform:
  m_ObjectHideFlags: 1
  m_CorrespondingSourceObject: {fileID: 0}
  m_PrefabInternal: {fileID: 100100000}
  m_GameObject: {fileID: 1000012314457214}
  m_LocalRotation: {x: -0, y: 0, z: 1.0658141e-14, w: 1}
  m_LocalPosition: {x: 0, y: 0, z: 0}
  m_LocalScale: {x: 1, y: 1, z: 1}
  m_Children: []
  m_Father: {fileID: 4000013101197700}
  m_RootOrder: 6
  m_LocalEulerAnglesHint: {x: 0, y: 0, z: 0}
--- !u!4 &4000012994099818
Transform:
  m_ObjectHideFlags: 1
  m_CorrespondingSourceObject: {fileID: 0}
  m_PrefabInternal: {fileID: 100100000}
  m_GameObject: {fileID: 1000010402830542}
  m_LocalRotation: {x: 0, y: 0.7071068, z: 0.7071068, w: 0}
  m_LocalPosition: {x: -2.25, y: -2.9, z: 0.07}
  m_LocalScale: {x: 0.52, y: 0.5200002, z: 0.5200002}
  m_Children: []
  m_Father: {fileID: 4000013101197700}
  m_RootOrder: 3
  m_LocalEulerAnglesHint: {x: -90, y: 180, z: 0}
--- !u!4 &4000013101197700
Transform:
  m_ObjectHideFlags: 1
  m_CorrespondingSourceObject: {fileID: 0}
  m_PrefabInternal: {fileID: 100100000}
  m_GameObject: {fileID: 1000010399565210}
  m_LocalRotation: {x: 0, y: 0.7073474, z: 0.7068661, w: 0}
  m_LocalPosition: {x: 7.068, y: 1.7, z: 7.995}
  m_LocalScale: {x: -0.25, y: 0.24999994, z: 0.24999994}
  m_Children:
  - {fileID: 4000012275340098}
  - {fileID: 4000010384982572}
  - {fileID: 4000011746072066}
  - {fileID: 4000012994099818}
  - {fileID: 4000013222182634}
  - {fileID: 4000011317832552}
  - {fileID: 4000012469320492}
  - {fileID: 4000010931966908}
  - {fileID: 4391878245825258}
  - {fileID: 4395005530085904}
  m_Father: {fileID: 0}
  m_RootOrder: 0
  m_LocalEulerAnglesHint: {x: -89.961006, y: 180, z: 0}
--- !u!4 &4000013222182634
Transform:
  m_ObjectHideFlags: 1
  m_CorrespondingSourceObject: {fileID: 0}
  m_PrefabInternal: {fileID: 100100000}
  m_GameObject: {fileID: 1000011100331018}
  m_LocalRotation: {x: 0, y: 0, z: 0, w: 1}
  m_LocalPosition: {x: -2.25, y: 0, z: 0}
  m_LocalScale: {x: 1, y: 1, z: 1}
  m_Children: []
  m_Father: {fileID: 4000013101197700}
  m_RootOrder: 4
  m_LocalEulerAnglesHint: {x: 0, y: 0, z: 0}
--- !u!4 &4391878245825258
Transform:
  m_ObjectHideFlags: 1
  m_CorrespondingSourceObject: {fileID: 0}
  m_PrefabInternal: {fileID: 100100000}
  m_GameObject: {fileID: 1768085217943144}
  m_LocalRotation: {x: -0, y: 0.70734745, z: 0.70686615, w: 0}
  m_LocalPosition: {x: -2.28, y: -2, z: 0}
  m_LocalScale: {x: -0.40000045, y: 2, z: 0.40000036}
  m_Children: []
  m_Father: {fileID: 4000013101197700}
  m_RootOrder: 8
  m_LocalEulerAnglesHint: {x: 0, y: 0, z: 0}
--- !u!4 &4395005530085904
Transform:
  m_ObjectHideFlags: 1
  m_CorrespondingSourceObject: {fileID: 0}
  m_PrefabInternal: {fileID: 100100000}
  m_GameObject: {fileID: 1960283318731948}
  m_LocalRotation: {x: -0, y: 0.70734745, z: 0.70686615, w: 0}
  m_LocalPosition: {x: -2.28, y: 2, z: 0}
  m_LocalScale: {x: -0.40000045, y: 2, z: 0.40000036}
  m_Children: []
  m_Father: {fileID: 4000013101197700}
  m_RootOrder: 9
  m_LocalEulerAnglesHint: {x: 0, y: 0, z: 0}
--- !u!4 &4532542572140102
Transform:
  m_ObjectHideFlags: 1
  m_CorrespondingSourceObject: {fileID: 0}
  m_PrefabInternal: {fileID: 100100000}
  m_GameObject: {fileID: 1918780607560614}
  m_LocalRotation: {x: 0, y: 0, z: 0, w: 1}
  m_LocalPosition: {x: 0, y: 0, z: 0}
  m_LocalScale: {x: 1, y: 1, z: 1}
  m_Children:
  - {fileID: 4000010794799336}
  m_Father: {fileID: 4000012275340098}
  m_RootOrder: 0
  m_LocalEulerAnglesHint: {x: 0, y: 0, z: 0}
--- !u!4 &4789849655082982
Transform:
  m_ObjectHideFlags: 1
  m_CorrespondingSourceObject: {fileID: 0}
  m_PrefabInternal: {fileID: 100100000}
  m_GameObject: {fileID: 1240177451575842}
  m_LocalRotation: {x: 3.7865323e-29, y: 3.5527137e-15, z: 3.5527137e-15, w: 1}
  m_LocalPosition: {x: 0, y: 0, z: 0}
  m_LocalScale: {x: 1, y: 1.0000001, z: 1.0000001}
  m_Children:
  - {fileID: 4000012135991378}
  m_Father: {fileID: 4000012275340098}
  m_RootOrder: 1
  m_LocalEulerAnglesHint: {x: 0, y: 0, z: 0}
--- !u!23 &23000012888620686
MeshRenderer:
  m_ObjectHideFlags: 1
  m_CorrespondingSourceObject: {fileID: 0}
  m_PrefabInternal: {fileID: 100100000}
  m_GameObject: {fileID: 1000010026164412}
  m_Enabled: 1
  m_CastShadows: 1
  m_ReceiveShadows: 1
  m_DynamicOccludee: 1
  m_MotionVectors: 1
  m_LightProbeUsage: 1
  m_ReflectionProbeUsage: 1
  m_RenderingLayerMask: 4294967295
  m_Materials:
  - {fileID: 2100000, guid: 7d7b198c41ceef34bac1c2b815b4db65, type: 2}
  - {fileID: 2100000, guid: 416e00aa35e529c4fa6431cdb92bb7a2, type: 2}
  - {fileID: 2100000, guid: 7d7b198c41ceef34bac1c2b815b4db65, type: 2}
  m_StaticBatchInfo:
    firstSubMesh: 0
    subMeshCount: 0
  m_StaticBatchRoot: {fileID: 0}
  m_ProbeAnchor: {fileID: 0}
  m_LightProbeVolumeOverride: {fileID: 0}
  m_ScaleInLightmap: 1
  m_PreserveUVs: 0
  m_IgnoreNormalsForChartDetection: 0
  m_ImportantGI: 0
  m_StitchLightmapSeams: 0
  m_SelectedEditorRenderState: 3
  m_MinimumChartSize: 4
  m_AutoUVMaxDistance: 0.5
  m_AutoUVMaxAngle: 89
  m_LightmapParameters: {fileID: 0}
  m_SortingLayerID: 0
  m_SortingLayer: 0
  m_SortingOrder: 0
--- !u!23 &23000014126288542
MeshRenderer:
  m_ObjectHideFlags: 1
  m_CorrespondingSourceObject: {fileID: 0}
  m_PrefabInternal: {fileID: 100100000}
  m_GameObject: {fileID: 1000013473283014}
  m_Enabled: 0
  m_CastShadows: 1
  m_ReceiveShadows: 1
  m_DynamicOccludee: 1
  m_MotionVectors: 1
  m_LightProbeUsage: 1
  m_ReflectionProbeUsage: 1
  m_RenderingLayerMask: 4294967295
  m_Materials:
  - {fileID: 10303, guid: 0000000000000000f000000000000000, type: 0}
  m_StaticBatchInfo:
    firstSubMesh: 0
    subMeshCount: 0
  m_StaticBatchRoot: {fileID: 0}
  m_ProbeAnchor: {fileID: 0}
  m_LightProbeVolumeOverride: {fileID: 0}
  m_ScaleInLightmap: 1
  m_PreserveUVs: 1
  m_IgnoreNormalsForChartDetection: 0
  m_ImportantGI: 0
  m_StitchLightmapSeams: 0
  m_SelectedEditorRenderState: 3
  m_MinimumChartSize: 4
  m_AutoUVMaxDistance: 0.5
  m_AutoUVMaxAngle: 89
  m_LightmapParameters: {fileID: 0}
  m_SortingLayerID: 0
  m_SortingLayer: 0
  m_SortingOrder: 0
--- !u!33 &33000012813060512
MeshFilter:
  m_ObjectHideFlags: 1
  m_CorrespondingSourceObject: {fileID: 0}
  m_PrefabInternal: {fileID: 100100000}
  m_GameObject: {fileID: 1000013473283014}
  m_Mesh: {fileID: 10202, guid: 0000000000000000e000000000000000, type: 0}
--- !u!33 &33000012894730898
MeshFilter:
  m_ObjectHideFlags: 1
  m_CorrespondingSourceObject: {fileID: 0}
  m_PrefabInternal: {fileID: 100100000}
  m_GameObject: {fileID: 1000010026164412}
  m_Mesh: {fileID: 4300000, guid: b740d46148606574482e8abd3230edd7, type: 3}
--- !u!33 &33053604894533972
MeshFilter:
  m_ObjectHideFlags: 1
  m_CorrespondingSourceObject: {fileID: 0}
  m_PrefabInternal: {fileID: 100100000}
  m_GameObject: {fileID: 1960283318731948}
  m_Mesh: {fileID: 10206, guid: 0000000000000000e000000000000000, type: 0}
--- !u!33 &33404147142434706
MeshFilter:
  m_ObjectHideFlags: 1
  m_CorrespondingSourceObject: {fileID: 0}
  m_PrefabInternal: {fileID: 100100000}
  m_GameObject: {fileID: 1768085217943144}
  m_Mesh: {fileID: 10206, guid: 0000000000000000e000000000000000, type: 0}
--- !u!54 &54000011937595302
Rigidbody:
  m_ObjectHideFlags: 1
  m_CorrespondingSourceObject: {fileID: 0}
  m_PrefabInternal: {fileID: 100100000}
  m_GameObject: {fileID: 1000012314457214}
  serializedVersion: 2
  m_Mass: 1
  m_Drag: 0
  m_AngularDrag: 0.05
  m_UseGravity: 1
  m_IsKinematic: 1
  m_Interpolate: 0
  m_Constraints: 0
  m_CollisionDetection: 0
--- !u!54 &54000013023140930
Rigidbody:
  m_ObjectHideFlags: 1
  m_CorrespondingSourceObject: {fileID: 0}
  m_PrefabInternal: {fileID: 100100000}
  m_GameObject: {fileID: 1000010026164412}
  serializedVersion: 2
  m_Mass: 1
  m_Drag: 0
  m_AngularDrag: 0.05
  m_UseGravity: 0
  m_IsKinematic: 1
  m_Interpolate: 0
  m_Constraints: 0
  m_CollisionDetection: 0
--- !u!54 &54000013991569868
Rigidbody:
  m_ObjectHideFlags: 1
  m_CorrespondingSourceObject: {fileID: 0}
  m_PrefabInternal: {fileID: 100100000}
  m_GameObject: {fileID: 1000013248543072}
  serializedVersion: 2
  m_Mass: 1
  m_Drag: 0
  m_AngularDrag: 0.05
  m_UseGravity: 1
  m_IsKinematic: 1
  m_Interpolate: 0
  m_Constraints: 0
  m_CollisionDetection: 0
--- !u!54 &54078117277959968
Rigidbody:
  m_ObjectHideFlags: 1
  m_CorrespondingSourceObject: {fileID: 0}
  m_PrefabInternal: {fileID: 100100000}
  m_GameObject: {fileID: 1918780607560614}
  serializedVersion: 2
  m_Mass: 1
  m_Drag: 0
  m_AngularDrag: 0.05
  m_UseGravity: 1
  m_IsKinematic: 1
  m_Interpolate: 0
  m_Constraints: 0
  m_CollisionDetection: 0
--- !u!54 &54414550474244528
Rigidbody:
  m_ObjectHideFlags: 1
  m_CorrespondingSourceObject: {fileID: 0}
  m_PrefabInternal: {fileID: 100100000}
  m_GameObject: {fileID: 1240177451575842}
  serializedVersion: 2
  m_Mass: 1
  m_Drag: 0
  m_AngularDrag: 0.05
  m_UseGravity: 1
  m_IsKinematic: 1
  m_Interpolate: 0
  m_Constraints: 0
  m_CollisionDetection: 0
--- !u!65 &65000010079267672
BoxCollider:
  m_ObjectHideFlags: 1
  m_CorrespondingSourceObject: {fileID: 0}
  m_PrefabInternal: {fileID: 100100000}
  m_GameObject: {fileID: 1240177451575842}
  m_Material: {fileID: 0}
  m_IsTrigger: 0
  m_Enabled: 1
  serializedVersion: 2
  m_Size: {x: 0.4, y: 0.2, z: 0.4}
  m_Center: {x: -4.275, y: -0.3, z: 4.93}
--- !u!65 &65000010278855672
BoxCollider:
  m_ObjectHideFlags: 1
  m_CorrespondingSourceObject: {fileID: 0}
  m_PrefabInternal: {fileID: 100100000}
  m_GameObject: {fileID: 1000012314457214}
  m_Material: {fileID: 0}
  m_IsTrigger: 0
  m_Enabled: 1
  serializedVersion: 2
  m_Size: {x: 4.8, y: 0.2, z: 9.5}
  m_Center: {x: -2.275, y: 0.2, z: 4.8}
--- !u!65 &65000010520037024
BoxCollider:
  m_ObjectHideFlags: 1
  m_CorrespondingSourceObject: {fileID: 0}
  m_PrefabInternal: {fileID: 100100000}
  m_GameObject: {fileID: 1000013473283014}
  m_Material: {fileID: 0}
  m_IsTrigger: 0
  m_Enabled: 1
  serializedVersion: 2
  m_Size: {x: 1, y: 1, z: 1}
  m_Center: {x: 0, y: 0, z: 0}
--- !u!65 &65000012413506490
BoxCollider:
  m_ObjectHideFlags: 1
  m_CorrespondingSourceObject: {fileID: 0}
  m_PrefabInternal: {fileID: 100100000}
  m_GameObject: {fileID: 1918780607560614}
  m_Material: {fileID: 0}
  m_IsTrigger: 0
  m_Enabled: 1
  serializedVersion: 2
  m_Size: {x: 0.4, y: 0.2, z: 0.4}
  m_Center: {x: -4.275, y: 0.3, z: 4.93}
--- !u!65 &65000012559305590
BoxCollider:
  m_ObjectHideFlags: 1
  m_CorrespondingSourceObject: {fileID: 0}
  m_PrefabInternal: {fileID: 100100000}
  m_GameObject: {fileID: 1000010026164412}
  m_Material: {fileID: 0}
  m_IsTrigger: 0
  m_Enabled: 1
  serializedVersion: 2
  m_Size: {x: 4.8, y: 0.4, z: 9.599999}
  m_Center: {x: -2.2733552, y: 3.5736862e-15, z: 4.798186}
--- !u!65 &65000013120399838
BoxCollider:
  m_ObjectHideFlags: 1
  m_CorrespondingSourceObject: {fileID: 0}
  m_PrefabInternal: {fileID: 100100000}
  m_GameObject: {fileID: 1000013248543072}
  m_Material: {fileID: 0}
  m_IsTrigger: 0
  m_Enabled: 1
  serializedVersion: 2
  m_Size: {x: 4.8, y: 0.2, z: 9.5}
  m_Center: {x: -2.275, y: -0.2, z: 4.8}
--- !u!65 &65207574883119130
BoxCollider:
  m_ObjectHideFlags: 1
  m_CorrespondingSourceObject: {fileID: 0}
  m_PrefabInternal: {fileID: 100100000}
  m_GameObject: {fileID: 1000010026164412}
  m_Material: {fileID: 0}
  m_IsTrigger: 1
  m_Enabled: 1
  serializedVersion: 2
  m_Size: {x: 4.8, y: 1.8, z: 9.599999}
  m_Center: {x: -2.273355, y: 0, z: 4.798186}
--- !u!65 &65303160052227760
BoxCollider:
  m_ObjectHideFlags: 1
  m_CorrespondingSourceObject: {fileID: 0}
  m_PrefabInternal: {fileID: 100100000}
  m_GameObject: {fileID: 1918780607560614}
  m_Material: {fileID: 0}
  m_IsTrigger: 0
  m_Enabled: 1
  serializedVersion: 2
  m_Size: {x: 4.8, y: 0.2, z: 9.5}
  m_Center: {x: -2.275, y: 0.2, z: 4.8}
--- !u!65 &65870521064489026
BoxCollider:
  m_ObjectHideFlags: 1
  m_CorrespondingSourceObject: {fileID: 0}
  m_PrefabInternal: {fileID: 100100000}
  m_GameObject: {fileID: 1240177451575842}
  m_Material: {fileID: 0}
  m_IsTrigger: 0
  m_Enabled: 1
  serializedVersion: 2
  m_Size: {x: 4.8, y: 0.2, z: 9.5}
  m_Center: {x: -2.275, y: -0.2, z: 4.8}
--- !u!95 &95000012146256154
Animator:
  serializedVersion: 3
  m_ObjectHideFlags: 1
  m_CorrespondingSourceObject: {fileID: 0}
  m_PrefabInternal: {fileID: 100100000}
  m_GameObject: {fileID: 1000010026164412}
  m_Enabled: 0
  m_Avatar: {fileID: 9000000, guid: b740d46148606574482e8abd3230edd7, type: 3}
  m_Controller: {fileID: 0}
  m_CullingMode: 0
  m_UpdateMode: 0
  m_ApplyRootMotion: 0
  m_LinearVelocityBlending: 0
  m_WarningMessage: 
  m_HasTransformHierarchy: 1
  m_AllowConstantClipSamplingOptimization: 1
  m_KeepAnimatorControllerStateOnDisable: 0
--- !u!114 &114000010179032694
MonoBehaviour:
  m_ObjectHideFlags: 1
  m_CorrespondingSourceObject: {fileID: 0}
  m_PrefabInternal: {fileID: 100100000}
  m_GameObject: {fileID: 1000013681286010}
  m_Enabled: 1
  m_EditorHideFlags: 0
  m_Script: {fileID: 11500000, guid: 41f425a4a83914b04af3f1642c000f5d, type: 3}
  m_Name: 
  m_EditorClassIdentifier: 
  otherLookAtTarget: {fileID: 0}
  otherTargetsRoot: {fileID: 0}
  positionOffsetSpace: {fileID: 0}
  weightCurves:
  - type: 0
    curve:
      serializedVersion: 2
      m_Curve:
      - serializedVersion: 3
        time: 0
        value: 0
        inSlope: 6.6934247
        outSlope: 6.6934247
        tangentMode: 0
        weightedMode: 0
        inWeight: 0.33333334
        outWeight: 0.33333334
      - serializedVersion: 3
        time: 0.29838794
        value: 0.99499047
        inSlope: 0.11891127
        outSlope: 0.11891127
        tangentMode: 0
        weightedMode: 0
        inWeight: 0.33333334
        outWeight: 0.33333334
      - serializedVersion: 3
        time: 0.5750998
        value: 1.0011882
        inSlope: -0.044154584
        outSlope: -0.044154584
        tangentMode: 0
        weightedMode: 0
        inWeight: 0.33333334
        outWeight: 0.33333334
      - serializedVersion: 3
        time: 0.8638964
        value: 0.7546484
        inSlope: -1.2460351
        outSlope: -1.2460351
        tangentMode: 0
        weightedMode: 0
        inWeight: 0.33333334
        outWeight: 0.33333334
      - serializedVersion: 3
        time: 1.5160692
        value: -0.00044939225
        inSlope: 0
        outSlope: 0
        tangentMode: 0
        weightedMode: 0
        inWeight: 0.33333334
        outWeight: 0.33333334
      m_PreInfinity: 2
      m_PostInfinity: 2
      m_RotationOrder: 0
  - type: 8
    curve:
      serializedVersion: 2
      m_Curve:
      - serializedVersion: 3
        time: 0
        value: 0
        inSlope: 0.8806466
        outSlope: 0.8806466
        tangentMode: 0
        weightedMode: 0
        inWeight: 0.33333334
        outWeight: 0.33333334
      - serializedVersion: 3
        time: 0.30334646
        value: 0.69993436
        inSlope: 0.11891127
        outSlope: 0.11891127
        tangentMode: 0
        weightedMode: 0
        inWeight: 0.33333334
        outWeight: 0.33333334
      - serializedVersion: 3
        time: 0.74497473
        value: 0.4549489
        inSlope: -1.7991941
        outSlope: -1.7991941
        tangentMode: 0
        weightedMode: 0
        inWeight: 0.33333334
        outWeight: 0.33333334
      - serializedVersion: 3
        time: 1.5160692
        value: -0.00044939225
        inSlope: 0
        outSlope: 0
        tangentMode: 0
        weightedMode: 0
        inWeight: 0.33333334
        outWeight: 0.33333334
      m_PreInfinity: 2
      m_PostInfinity: 2
      m_RotationOrder: 0
  multipliers: []
  events: []
--- !u!114 &114000011215508058
MonoBehaviour:
  m_ObjectHideFlags: 1
  m_CorrespondingSourceObject: {fileID: 0}
  m_PrefabInternal: {fileID: 100100000}
  m_GameObject: {fileID: 1000012603897224}
  m_Enabled: 1
  m_EditorHideFlags: 0
  m_Script: {fileID: 11500000, guid: 41f425a4a83914b04af3f1642c000f5d, type: 3}
  m_Name: 
  m_EditorClassIdentifier: 
  otherLookAtTarget: {fileID: 0}
  otherTargetsRoot: {fileID: 0}
  positionOffsetSpace: {fileID: 0}
  weightCurves:
  - type: 0
    curve:
      serializedVersion: 2
      m_Curve:
      - serializedVersion: 3
        time: 0
        value: 0
        inSlope: 6.6934247
        outSlope: 6.6934247
        tangentMode: 0
        weightedMode: 0
        inWeight: 0.33333334
        outWeight: 0.33333334
      - serializedVersion: 3
        time: 0.29838794
        value: 0.99499047
        inSlope: 0.11891127
        outSlope: 0.11891127
        tangentMode: 0
        weightedMode: 0
        inWeight: 0.33333334
        outWeight: 0.33333334
      - serializedVersion: 3
        time: 0.5750998
        value: 1.0011882
        inSlope: -0.044154584
        outSlope: -0.044154584
        tangentMode: 0
        weightedMode: 0
        inWeight: 0.33333334
        outWeight: 0.33333334
      - serializedVersion: 3
        time: 0.8638964
        value: 0.7546484
        inSlope: -1.2460351
        outSlope: -1.2460351
        tangentMode: 0
        weightedMode: 0
        inWeight: 0.33333334
        outWeight: 0.33333334
      - serializedVersion: 3
        time: 1.5160692
        value: -0.00044939225
        inSlope: 0
        outSlope: 0
        tangentMode: 0
        weightedMode: 0
        inWeight: 0.33333334
        outWeight: 0.33333334
      m_PreInfinity: 2
      m_PostInfinity: 2
      m_RotationOrder: 0
  - type: 5
    curve:
      serializedVersion: 2
      m_Curve:
      - serializedVersion: 3
        time: 0
        value: 0
        inSlope: 6.6934247
        outSlope: 6.6934247
        tangentMode: 0
        weightedMode: 0
        inWeight: 0.33333334
        outWeight: 0.33333334
      - serializedVersion: 3
        time: 0.29838794
        value: 0.99499047
        inSlope: 0.11891127
        outSlope: 0.11891127
        tangentMode: 0
        weightedMode: 0
        inWeight: 0.33333334
        outWeight: 0.33333334
      - serializedVersion: 3
        time: 0.65579706
        value: 0.31722468
        inSlope: -1.2460351
        outSlope: -1.2460351
        tangentMode: 0
        weightedMode: 0
        inWeight: 0.33333334
        outWeight: 0.33333334
      - serializedVersion: 3
        time: 1.5160692
        value: -0.00044939225
        inSlope: 0
        outSlope: 0
        tangentMode: 0
        weightedMode: 0
        inWeight: 0.33333334
        outWeight: 0.33333334
      m_PreInfinity: 2
      m_PostInfinity: 2
      m_RotationOrder: 0
  multipliers: []
  events: []
--- !u!114 &114000011251459020
MonoBehaviour:
  m_ObjectHideFlags: 1
  m_CorrespondingSourceObject: {fileID: 0}
  m_PrefabInternal: {fileID: 100100000}
  m_GameObject: {fileID: 1000010026164412}
  m_Enabled: 1
  m_EditorHideFlags: 0
  m_Script: {fileID: 11500000, guid: acef507d453831640b805ac0f9b35a6c, type: 3}
  m_Name: 
  m_EditorClassIdentifier: 
  openSounds: []
  closeSounds: []
  innerTagL: {fileID: 114000014017733324}
  innerTagR: {fileID: 114000011545723970}
  doorBlocker: {fileID: 1000013473283014}
  walkPointL: {fileID: 1000010798904052}
  walkPointL2: {fileID: 1000013256600236}
  walkPointR: {fileID: 1000010402830542}
  flip: 1
  startRotation: {x: 0, y: 0, z: 0}
  currentRotation: {x: 0, y: 0, z: 0}
  locked: 0
  offMeshLink: {fileID: 1768085217943144}
--- !u!114 &114000011545723970
MonoBehaviour:
  m_ObjectHideFlags: 1
  m_CorrespondingSourceObject: {fileID: 0}
  m_PrefabInternal: {fileID: 100100000}
  m_GameObject: {fileID: 1000013248543072}
  m_Enabled: 1
  m_EditorHideFlags: 0
  m_Script: {fileID: 11500000, guid: 0a351b17420123149844568ba71e8538, type: 3}
  m_Name: 
  m_EditorClassIdentifier: 
  interactName: 
  leftHand: 0
  interruptTime: 1
  doorOffset: 1
  iconOverride: 1
  uiOffset: 0
  rayOverride: 1
  interactViewNav: []
  targetObj: {fileID: 0}
  walkToOverride: 0
  walkPoint: {fileID: 4000012994099818}
  turnPoint: {fileID: 4000013222182634}
  rotatePlayer: 1
  usableDistance: 1
  targetPos: {x: 0, y: 0, z: 0}
  inInteractRange: 0
  heightDifference: 0
  hitObject: {fileID: 0}
  distanceToPlayer: 666
  activated: 0
  angleToPlayer: 666
  player: {fileID: 0}
  turnPointPos: {x: 0, y: 0, z: 0}
--- !u!114 &114000011870605822
MonoBehaviour:
  m_ObjectHideFlags: 1
  m_CorrespondingSourceObject: {fileID: 0}
  m_PrefabInternal: {fileID: 100100000}
  m_GameObject: {fileID: 1000010402830542}
  m_Enabled: 1
  m_EditorHideFlags: 0
  m_Script: {fileID: 11500000, guid: 271d39b80226e4699829647c96a98758, type: 3}
  m_Name: 
  m_EditorClassIdentifier: 
  ranges:
  - name: 'RightHand: KnobR'
    show: 1
    characterPosition:
      use: 1
      offset: {x: 0, y: 0}
      angleOffset: -12
      maxAngle: 34
      radius: 0.3
      orbit: 0
      fixYAxis: 0
    cameraPosition:
      lookAtTarget: {fileID: 0}
      direction: {x: 0, y: 0, z: 0}
      maxDistance: 0
      maxAngle: 0
      fixYAxis: 0
    interactions:
    - interactionObject: {fileID: 114000010179032694}
      effectors: 06000000
  - name: 'LeftHand: KnobR'
    show: 1
    characterPosition:
      use: 1
      offset: {x: 0, y: 0}
      angleOffset: 28
      maxAngle: 6
      radius: 0.3
      orbit: 0
      fixYAxis: 0
    cameraPosition:
      lookAtTarget: {fileID: 0}
      direction: {x: 0, y: 0, z: 0}
      maxDistance: 0
      maxAngle: 0
      fixYAxis: 0
    interactions:
    - interactionObject: {fileID: 114000010179032694}
      effectors: 05000000
--- !u!114 &114000012360099506
MonoBehaviour:
  m_ObjectHideFlags: 1
  m_CorrespondingSourceObject: {fileID: 0}
  m_PrefabInternal: {fileID: 100100000}
  m_GameObject: {fileID: 1000010798904052}
  m_Enabled: 1
  m_EditorHideFlags: 0
  m_Script: {fileID: 11500000, guid: 271d39b80226e4699829647c96a98758, type: 3}
  m_Name: 
  m_EditorClassIdentifier: 
  ranges:
  - name: 'RightHand: KnobL'
    show: 1
    characterPosition:
      use: 1
      offset: {x: 0, y: 0}
      angleOffset: -12
      maxAngle: 34
      radius: 0.35
      orbit: 0
      fixYAxis: 0
    cameraPosition:
      lookAtTarget: {fileID: 0}
      direction: {x: 0, y: 0, z: 0}
      maxDistance: 0
      maxAngle: 0
      fixYAxis: 0
    interactions:
    - interactionObject: {fileID: 114000011215508058}
      effectors: 06000000
  - name: 'LeftHand: KnobL'
    show: 1
    characterPosition:
      use: 1
      offset: {x: 0, y: 0}
      angleOffset: 28
      maxAngle: 6
      radius: 0.35
      orbit: 0
      fixYAxis: 0
    cameraPosition:
      lookAtTarget: {fileID: 0}
      direction: {x: 0, y: 0, z: 0}
      maxDistance: 0
      maxAngle: 0
      fixYAxis: 0
    interactions:
    - interactionObject: {fileID: 114000011215508058}
      effectors: 05000000
--- !u!114 &114000014017733324
MonoBehaviour:
  m_ObjectHideFlags: 1
  m_CorrespondingSourceObject: {fileID: 0}
  m_PrefabInternal: {fileID: 100100000}
  m_GameObject: {fileID: 1000012314457214}
  m_Enabled: 1
  m_EditorHideFlags: 0
  m_Script: {fileID: 11500000, guid: 0a351b17420123149844568ba71e8538, type: 3}
  m_Name: 
  m_EditorClassIdentifier: 
  interactName: 
  leftHand: 0
  interruptTime: 1
  doorOffset: 1
  iconOverride: 1
  uiOffset: 0
  rayOverride: 1
  interactViewNav: []
  targetObj: {fileID: 0}
  walkToOverride: 0
  walkPoint: {fileID: 4000010384982572}
  turnPoint: {fileID: 4000013222182634}
  rotatePlayer: 1
  usableDistance: 1
  targetPos: {x: 0, y: 0, z: 0}
  inInteractRange: 0
  heightDifference: 0
  hitObject: {fileID: 0}
  distanceToPlayer: 666
  activated: 0
  angleToPlayer: 666
  player: {fileID: 0}
  turnPointPos: {x: 0, y: 0, z: 0}
--- !u!114 &114359897404460256
MonoBehaviour:
  m_ObjectHideFlags: 1
  m_CorrespondingSourceObject: {fileID: 0}
  m_PrefabInternal: {fileID: 100100000}
  m_GameObject: {fileID: 1240177451575842}
  m_Enabled: 1
  m_EditorHideFlags: 0
  m_Script: {fileID: 11500000, guid: 0a351b17420123149844568ba71e8538, type: 3}
  m_Name: 
  m_EditorClassIdentifier: 
  interactName: door
  leftHand: 0
  interruptTime: 1
  doorOffset: 1
  iconOverride: 0
  uiOffset: 0
  rayOverride: 1
  interactViewNav: []
  targetObj: {fileID: 0}
  walkToOverride: 0
  walkPoint: {fileID: 4000012994099818}
  turnPoint: {fileID: 4000013222182634}
  rotatePlayer: 1
  usableDistance: 1
  targetPos: {x: 0, y: 0, z: 0}
  inInteractRange: 0
  heightDifference: 0
  hitObject: {fileID: 0}
  distanceToPlayer: 666
  activated: 0
  angleToPlayer: 666
  player: {fileID: 0}
  turnPointPos: {x: 0, y: 0, z: 0}
--- !u!114 &114618760058033696
MonoBehaviour:
  m_ObjectHideFlags: 1
  m_CorrespondingSourceObject: {fileID: 0}
  m_PrefabInternal: {fileID: 100100000}
  m_GameObject: {fileID: 1918780607560614}
  m_Enabled: 1
  m_EditorHideFlags: 0
  m_Script: {fileID: 11500000, guid: 0a351b17420123149844568ba71e8538, type: 3}
  m_Name: 
  m_EditorClassIdentifier: 
  interactName: door
  leftHand: 0
  interruptTime: 1
  doorOffset: 1
  iconOverride: 0
  uiOffset: 0
  rayOverride: 1
  interactViewNav: []
  targetObj: {fileID: 0}
  walkToOverride: 0
  walkPoint: {fileID: 4000010384982572}
  turnPoint: {fileID: 4000013222182634}
  rotatePlayer: 1
  usableDistance: 1
  targetPos: {x: 0, y: 0, z: 0}
  inInteractRange: 0
  heightDifference: 0
  hitObject: {fileID: 0}
  distanceToPlayer: 666
  activated: 0
  angleToPlayer: 666
  player: {fileID: 0}
  turnPointPos: {x: 0, y: 0, z: 0}
--- !u!135 &135000011842876086
SphereCollider:
  m_ObjectHideFlags: 1
  m_CorrespondingSourceObject: {fileID: 0}
  m_PrefabInternal: {fileID: 100100000}
  m_GameObject: {fileID: 1000010798904052}
  m_Material: {fileID: 0}
  m_IsTrigger: 1
  m_Enabled: 1
  serializedVersion: 2
  m_Radius: 4
  m_Center: {x: 0, y: 0, z: 0}
--- !u!135 &135000013366015786
SphereCollider:
  m_ObjectHideFlags: 1
  m_CorrespondingSourceObject: {fileID: 0}
  m_PrefabInternal: {fileID: 100100000}
  m_GameObject: {fileID: 1000010402830542}
  m_Material: {fileID: 0}
  m_IsTrigger: 1
  m_Enabled: 1
  serializedVersion: 2
  m_Radius: 3
  m_Center: {x: 0, y: 0, z: 0}
--- !u!136 &136294943551676618
CapsuleCollider:
  m_ObjectHideFlags: 1
  m_CorrespondingSourceObject: {fileID: 0}
  m_PrefabInternal: {fileID: 100100000}
  m_GameObject: {fileID: 1960283318731948}
  m_Material: {fileID: 0}
  m_IsTrigger: 0
  m_Enabled: 0
  m_Radius: 0.5
  m_Height: 2
  m_Direction: 1
  m_Center: {x: 0, y: 0, z: 0}
--- !u!136 &136934741826917994
CapsuleCollider:
  m_ObjectHideFlags: 1
  m_CorrespondingSourceObject: {fileID: 0}
  m_PrefabInternal: {fileID: 100100000}
  m_GameObject: {fileID: 1768085217943144}
  m_Material: {fileID: 0}
  m_IsTrigger: 0
  m_Enabled: 0
  m_Radius: 0.5
  m_Height: 2
  m_Direction: 1
  m_Center: {x: 0, y: 0, z: 0}
--- !u!191 &191775778177606062
OffMeshLink:
  m_ObjectHideFlags: 1
  m_CorrespondingSourceObject: {fileID: 0}
  m_PrefabInternal: {fileID: 100100000}
  m_GameObject: {fileID: 1768085217943144}
  m_Enabled: 1
  serializedVersion: 3
  m_AreaIndex: 3
  m_AgentTypeID: 0
  m_Start: {fileID: 4391878245825258}
  m_End: {fileID: 4395005530085904}
  m_CostOverride: 2
  m_BiDirectional: 1
  m_Activated: 1
  m_AutoUpdatePositions: 1
--- !u!208 &208000010924982852
NavMeshObstacle:
  m_ObjectHideFlags: 1
  m_CorrespondingSourceObject: {fileID: 0}
  m_PrefabInternal: {fileID: 100100000}
  m_GameObject: {fileID: 1000010026164412}
  m_Enabled: 0
  serializedVersion: 3
  m_Shape: 1
  m_Extents: {x: 2.4, y: 0.409, z: 4.8}
  m_MoveThreshold: 0.1
  m_Carve: 0
  m_CarveOnlyStationary: 0
  m_Center: {x: -2.273, y: 0, z: 4.7980003}
  m_TimeToStationary: 0.5
--- !u!208 &208000012756156830
NavMeshObstacle:
  m_ObjectHideFlags: 1
  m_CorrespondingSourceObject: {fileID: 0}
  m_PrefabInternal: {fileID: 100100000}
  m_GameObject: {fileID: 1000013473283014}
  m_Enabled: 1
  serializedVersion: 3
  m_Shape: 1
  m_Extents: {x: 0.5, y: 0.05, z: 0.5}
  m_MoveThreshold: 0.1
  m_Carve: 1
  m_CarveOnlyStationary: 1
  m_Center: {x: 0, y: 0, z: 0}
  m_TimeToStationary: 0.5
