%YAML 1.1
%TAG !u! tag:unity3d.com,2011:
--- !u!1001 &100100000
Prefab:
  m_ObjectHideFlags: 1
  serializedVersion: 2
  m_Modification:
    m_TransformParent: {fileID: 0}
    m_Modifications: []
    m_RemovedComponents: []
  m_ParentPrefab: {fileID: 0}
  m_RootGameObject: {fileID: 1196310447211826}
  m_IsPrefabParent: 1
--- !u!1 &1196310447211826
GameObject:
  m_ObjectHideFlags: 0
  m_PrefabParentObject: {fileID: 0}
  m_PrefabInternal: {fileID: 100100000}
  serializedVersion: 5
  m_Component:
  - component: {fileID: 4909769888007620}
  - component: {fileID: 33785466893510114}
  - component: {fileID: 23648512997244532}
  m_Layer: 0
  m_Name: TestButtonBase
  m_TagString: Untagged
  m_Icon: {fileID: 0}
  m_NavMeshLayer: 0
  m_StaticEditorFlags: 0
  m_IsActive: 1
--- !u!1 &1256302575549162
GameObject:
  m_ObjectHideFlags: 1
  m_PrefabParentObject: {fileID: 0}
  m_PrefabInternal: {fileID: 100100000}
  serializedVersion: 5
  m_Component:
  - component: {fileID: 4733908808292008}
  m_Layer: 0
  m_Name: walkPoint
  m_TagString: Untagged
  m_Icon: {fileID: 0}
  m_NavMeshLayer: 0
  m_StaticEditorFlags: 0
  m_IsActive: 1
--- !u!1 &1905096836629818
GameObject:
  m_ObjectHideFlags: 0
  m_PrefabParentObject: {fileID: 0}
  m_PrefabInternal: {fileID: 100100000}
  serializedVersion: 5
  m_Component:
  - component: {fileID: 4006729412353036}
  - component: {fileID: 33882533397863002}
  - component: {fileID: 23384364642158846}
  - component: {fileID: 65116160027110894}
  - component: {fileID: 114811857949456524}
  - component: {fileID: 114060878958780226}
  - component: {fileID: 114707614822815100}
  - component: {fileID: 114004701841463644}
  m_Layer: 13
  m_Name: testButton
  m_TagString: Interactive
  m_Icon: {fileID: 0}
  m_NavMeshLayer: 0
  m_StaticEditorFlags: 0
  m_IsActive: 1
--- !u!4 &4006729412353036
Transform:
  m_ObjectHideFlags: 1
  m_PrefabParentObject: {fileID: 0}
  m_PrefabInternal: {fileID: 100100000}
  m_GameObject: {fileID: 1905096836629818}
  m_LocalRotation: {x: -0, y: -0, z: -0, w: 1}
  m_LocalPosition: {x: 0, y: 0, z: 1.1076927}
  m_LocalScale: {x: 1, y: 1, z: 1}
  m_Children:
  - {fileID: 4733908808292008}
  m_Father: {fileID: 4909769888007620}
  m_RootOrder: 0
  m_LocalEulerAnglesHint: {x: 0, y: 0, z: 0}
--- !u!4 &4733908808292008
Transform:
  m_ObjectHideFlags: 1
  m_PrefabParentObject: {fileID: 0}
  m_PrefabInternal: {fileID: 100100000}
  m_GameObject: {fileID: 1256302575549162}
  m_LocalRotation: {x: 0, y: 1, z: 0, w: 0}
  m_LocalPosition: {x: 28.36, y: 9.75, z: 5.08}
  m_LocalScale: {x: 1, y: 1, z: 1}
  m_Children: []
  m_Father: {fileID: 4006729412353036}
  m_RootOrder: 0
  m_LocalEulerAnglesHint: {x: 0, y: 180, z: 0}
--- !u!4 &4909769888007620
Transform:
  m_ObjectHideFlags: 1
  m_PrefabParentObject: {fileID: 0}
  m_PrefabInternal: {fileID: 100100000}
  m_GameObject: {fileID: 1196310447211826}
  m_LocalRotation: {x: -0.7071068, y: 0.7071068, z: -0, w: 0}
  m_LocalPosition: {x: 3.3029997, y: -0.50016505, z: 10.104004}
  m_LocalScale: {x: 0.06000016, y: 0.060000163, z: 0.0800004}
  m_Children:
  - {fileID: 4006729412353036}
  m_Father: {fileID: 0}
  m_RootOrder: 0
  m_LocalEulerAnglesHint: {x: 0, y: 180, z: -90.00001}
--- !u!23 &23384364642158846
MeshRenderer:
  m_ObjectHideFlags: 1
  m_PrefabParentObject: {fileID: 0}
  m_PrefabInternal: {fileID: 100100000}
  m_GameObject: {fileID: 1905096836629818}
  m_Enabled: 1
  m_CastShadows: 1
  m_ReceiveShadows: 1
  m_MotionVectors: 1
  m_LightProbeUsage: 1
  m_ReflectionProbeUsage: 1
  m_Materials:
  - {fileID: 2100000, guid: 2853c1af50f81514caa265bc77ed0b64, type: 2}
  - {fileID: 2100000, guid: 253341b15c7717f40837601a139eccd4, type: 2}
  m_StaticBatchInfo:
    firstSubMesh: 0
    subMeshCount: 0
  m_StaticBatchRoot: {fileID: 0}
  m_ProbeAnchor: {fileID: 0}
  m_LightProbeVolumeOverride: {fileID: 0}
  m_ScaleInLightmap: 1
  m_PreserveUVs: 0
  m_IgnoreNormalsForChartDetection: 0
  m_ImportantGI: 0
  m_SelectedEditorRenderState: 3
  m_MinimumChartSize: 4
  m_AutoUVMaxDistance: 0.5
  m_AutoUVMaxAngle: 89
  m_LightmapParameters: {fileID: 0}
  m_SortingLayerID: 0
  m_SortingLayer: 0
  m_SortingOrder: 0
--- !u!23 &23648512997244532
MeshRenderer:
  m_ObjectHideFlags: 1
  m_PrefabParentObject: {fileID: 0}
  m_PrefabInternal: {fileID: 100100000}
  m_GameObject: {fileID: 1196310447211826}
  m_Enabled: 1
  m_CastShadows: 1
  m_ReceiveShadows: 1
  m_MotionVectors: 1
  m_LightProbeUsage: 1
  m_ReflectionProbeUsage: 1
  m_Materials:
  - {fileID: 2100000, guid: 253341b15c7717f40837601a139eccd4, type: 2}
  - {fileID: 2100000, guid: 108e0fefa6109c84db2b3dc068c9807b, type: 2}
  m_StaticBatchInfo:
    firstSubMesh: 0
    subMeshCount: 0
  m_StaticBatchRoot: {fileID: 0}
  m_ProbeAnchor: {fileID: 0}
  m_LightProbeVolumeOverride: {fileID: 0}
  m_ScaleInLightmap: 1
  m_PreserveUVs: 0
  m_IgnoreNormalsForChartDetection: 0
  m_ImportantGI: 0
  m_SelectedEditorRenderState: 3
  m_MinimumChartSize: 4
  m_AutoUVMaxDistance: 0.5
  m_AutoUVMaxAngle: 89
  m_LightmapParameters: {fileID: 0}
  m_SortingLayerID: 0
  m_SortingLayer: 0
  m_SortingOrder: 0
--- !u!33 &33785466893510114
MeshFilter:
  m_ObjectHideFlags: 1
  m_PrefabParentObject: {fileID: 0}
  m_PrefabInternal: {fileID: 100100000}
  m_GameObject: {fileID: 1196310447211826}
  m_Mesh: {fileID: 4300000, guid: d1a7ac8ba3d1f19499a976265923b577, type: 3}
--- !u!33 &33882533397863002
MeshFilter:
  m_ObjectHideFlags: 1
  m_PrefabParentObject: {fileID: 0}
  m_PrefabInternal: {fileID: 100100000}
  m_GameObject: {fileID: 1905096836629818}
  m_Mesh: {fileID: 4300002, guid: d1a7ac8ba3d1f19499a976265923b577, type: 3}
--- !u!65 &65116160027110894
BoxCollider:
  m_ObjectHideFlags: 1
  m_PrefabParentObject: {fileID: 0}
  m_PrefabInternal: {fileID: 100100000}
  m_GameObject: {fileID: 1905096836629818}
  m_Material: {fileID: 0}
  m_IsTrigger: 0
  m_Enabled: 1
  serializedVersion: 2
  m_Size: {x: 1.969616, y: 2, z: 0.99966097}
  m_Center: {x: 0, y: 0, z: -0.5}
--- !u!114 &114004701841463644
MonoBehaviour:
  m_ObjectHideFlags: 1
  m_PrefabParentObject: {fileID: 0}
  m_PrefabInternal: {fileID: 100100000}
  m_GameObject: {fileID: 1905096836629818}
  m_Enabled: 1
  m_EditorHideFlags: 0
  m_Script: {fileID: 11500000, guid: 8a0bbad7d24a86944aef55e7c886580e, type: 3}
  m_Name: 
  m_EditorClassIdentifier: 
  offMaterial: {fileID: 2100000, guid: 2853c1af50f81514caa265bc77ed0b64, type: 2}
  onMaterial: {fileID: 2100000, guid: 03c7cafb1b30cf344aa55e1580079129, type: 2}
  winMaterial: {fileID: 2100000, guid: 64065c783efda65448600fa8c8b44de6, type: 2}
  northButton: {fileID: 0}
  southButton: {fileID: 0}
  eastButton: {fileID: 0}
  westButton: {fileID: 0}
  lightBulbOff: {fileID: 0}
  lightBulbOn: {fileID: 0}
  pButton: {fileID: 0}
  buttonHit: 0
  buttonOn: 0
  winButton: 0
  winActive: 0
  otherButtons: []
--- !u!114 &114060878958780226
MonoBehaviour:
  m_ObjectHideFlags: 1
  m_PrefabParentObject: {fileID: 0}
  m_PrefabInternal: {fileID: 100100000}
  m_GameObject: {fileID: 1905096836629818}
  m_Enabled: 1
  m_EditorHideFlags: 0
  m_Script: {fileID: 11500000, guid: 41f425a4a83914b04af3f1642c000f5d, type: 3}
  m_Name: 
  m_EditorClassIdentifier: 
  otherLookAtTarget: {fileID: 0}
  otherTargetsRoot: {fileID: 0}
  positionOffsetSpace: {fileID: 0}
  weightCurves:
  - type: 0
    curve:
      serializedVersion: 2
      m_Curve:
      - serializedVersion: 2
        time: -0.0023631172
        value: 0
        inSlope: 12.522831
        outSlope: 12.522831
        tangentMode: 0
      - serializedVersion: 2
        time: 0.15978307
        value: 0.98925614
        inSlope: -0.2943953
        outSlope: -0.2943953
        tangentMode: 0
      - serializedVersion: 2
        time: 0.8132094
        value: -0.006264999
        inSlope: 0.5180103
        outSlope: 0.5180103
        tangentMode: 0
      m_PreInfinity: 2
      m_PostInfinity: 2
      m_RotationOrder: 0
  - type: 8
    curve:
      serializedVersion: 2
      m_Curve:
      - serializedVersion: 2
        time: 0
        value: 0
        inSlope: 0.30727842
        outSlope: 0.30727842
        tangentMode: 0
      - serializedVersion: 2
        time: 0.19322461
        value: 0.041375913
        inSlope: 0.025394883
        outSlope: 0.025394883
        tangentMode: 0
      - serializedVersion: 2
        time: 0.5624609
        value: -0.006264999
        inSlope: 0
        outSlope: 0
        tangentMode: 0
      m_PreInfinity: 2
      m_PostInfinity: 2
      m_RotationOrder: 0
  - type: 7
    curve:
      serializedVersion: 2
      m_Curve:
      - serializedVersion: 2
        time: 0
        value: 0
        inSlope: 0.9628955
        outSlope: 0.9628955
        tangentMode: 0
      - serializedVersion: 2
        time: 0.1416486
        value: 0.4992686
        inSlope: 0.5628884
        outSlope: 0.5628884
        tangentMode: 0
      - serializedVersion: 2
        time: 0.5624609
        value: -0.006264999
        inSlope: 0
        outSlope: 0
        tangentMode: 0
      m_PreInfinity: 2
      m_PostInfinity: 2
      m_RotationOrder: 0
  multipliers: []
  events: []
--- !u!114 &114707614822815100
MonoBehaviour:
  m_ObjectHideFlags: 1
  m_PrefabParentObject: {fileID: 0}
  m_PrefabInternal: {fileID: 100100000}
  m_GameObject: {fileID: 1905096836629818}
  m_Enabled: 1
  m_EditorHideFlags: 0
  m_Script: {fileID: 11500000, guid: 33adaccc837d87344883c036d3ff39fb, type: 3}
  m_Name: 
  m_EditorClassIdentifier: 
  pressedDistance: 0.5
  Pressed: 0
--- !u!114 &114811857949456524
MonoBehaviour:
  m_ObjectHideFlags: 1
  m_PrefabParentObject: {fileID: 0}
  m_PrefabInternal: {fileID: 100100000}
  m_GameObject: {fileID: 1905096836629818}
  m_Enabled: 1
  m_EditorHideFlags: 0
  m_Script: {fileID: 11500000, guid: 0a351b17420123149844568ba71e8538, type: 3}
  m_Name: 
  m_EditorClassIdentifier: 
  walkPoint: {fileID: 0}
  turnPoint: {fileID: 0}
  rotatePlayer: 1
  usableDistance: 0.5
  activated: 0
  turnPointPos: {x: 0, y: 0, z: 0}
