%YAML 1.1
%TAG !u! tag:unity3d.com,2011:
--- !u!1001 &100100000
Prefab:
  m_ObjectHideFlags: 1
  serializedVersion: 2
  m_Modification:
    m_TransformParent: {fileID: 0}
    m_Modifications: []
    m_RemovedComponents: []
  m_ParentPrefab: {fileID: 0}
  m_RootGameObject: {fileID: 1000013121079090}
  m_IsPrefabParent: 1
--- !u!1 &1000013121079090
GameObject:
  m_ObjectHideFlags: 0
  m_PrefabParentObject: {fileID: 0}
  m_PrefabInternal: {fileID: 100100000}
  serializedVersion: 4
  m_Component:
  - 4: {fileID: 4000013666015730}
  - 33: {fileID: 33000012372332416}
  - 23: {fileID: 23000012451113958}
  - 95: {fileID: 95000014061156172}
  - 114: {fileID: 114000013938836246}
  m_Layer: 0
  m_Name: door
  m_TagString: Untagged
  m_Icon: {fileID: 0}
  m_NavMeshLayer: 0
  m_StaticEditorFlags: 0
  m_IsActive: 1
--- !u!4 &4000013666015730
Transform:
  m_ObjectHideFlags: 1
  m_PrefabParentObject: {fileID: 0}
  m_PrefabInternal: {fileID: 100100000}
  m_GameObject: {fileID: 1000013121079090}
  m_LocalRotation: {x: -0.7071068, y: -0.00000008341004, z: 0.00000031381467, w: 0.7071067}
  m_LocalPosition: {x: -5.8640056, y: 10.5999975, z: -5.2840004}
  m_LocalScale: {x: 0.5, y: 0.49999988, z: 0.49999988}
  m_LocalEulerAnglesHint: {x: 0, y: 0, z: 0}
  m_Children: []
  m_Father: {fileID: 0}
  m_RootOrder: 0
--- !u!23 &23000012451113958
MeshRenderer:
  m_ObjectHideFlags: 1
  m_PrefabParentObject: {fileID: 0}
  m_PrefabInternal: {fileID: 100100000}
  m_GameObject: {fileID: 1000013121079090}
  m_Enabled: 1
  m_CastShadows: 1
  m_ReceiveShadows: 1
  m_MotionVectors: 1
  m_LightProbeUsage: 1
  m_ReflectionProbeUsage: 1
  m_Materials:
  - {fileID: 2100000, guid: 7d7b198c41ceef34bac1c2b815b4db65, type: 2}
  - {fileID: 2100000, guid: 416e00aa35e529c4fa6431cdb92bb7a2, type: 2}
  m_SubsetIndices: 
  m_StaticBatchRoot: {fileID: 0}
  m_ProbeAnchor: {fileID: 0}
  m_LightProbeVolumeOverride: {fileID: 0}
  m_ScaleInLightmap: 1
  m_PreserveUVs: 0
  m_IgnoreNormalsForChartDetection: 0
  m_ImportantGI: 0
  m_SelectedWireframeHidden: 0
  m_MinimumChartSize: 4
  m_AutoUVMaxDistance: 0.5
  m_AutoUVMaxAngle: 89
  m_LightmapParameters: {fileID: 0}
  m_SortingLayerID: 0
  m_SortingOrder: 0
--- !u!33 &33000012372332416
MeshFilter:
  m_ObjectHideFlags: 1
  m_PrefabParentObject: {fileID: 0}
  m_PrefabInternal: {fileID: 100100000}
  m_GameObject: {fileID: 1000013121079090}
  m_Mesh: {fileID: 4300000, guid: b740d46148606574482e8abd3230edd7, type: 3}
--- !u!95 &95000014061156172
Animator:
  serializedVersion: 3
  m_ObjectHideFlags: 1
  m_PrefabParentObject: {fileID: 0}
  m_PrefabInternal: {fileID: 100100000}
  m_GameObject: {fileID: 1000013121079090}
  m_Enabled: 1
  m_Avatar: {fileID: 9000000, guid: b740d46148606574482e8abd3230edd7, type: 3}
  m_Controller: {fileID: 0}
  m_CullingMode: 0
  m_UpdateMode: 0
  m_ApplyRootMotion: 0
  m_LinearVelocityBlending: 0
  m_WarningMessage: 
  m_HasTransformHierarchy: 1
  m_AllowConstantClipSamplingOptimization: 1
--- !u!114 &114000013938836246
MonoBehaviour:
  m_ObjectHideFlags: 1
  m_PrefabParentObject: {fileID: 0}
  m_PrefabInternal: {fileID: 100100000}
  m_GameObject: {fileID: 1000013121079090}
  m_Enabled: 0
  m_EditorHideFlags: 0
  m_Script: {fileID: 11500000, guid: e0097e64f474b473cbe8cd404bf77e17, type: 3}
  m_Name: 
  m_EditorClassIdentifier: 
  stencilBackFrontAlways: {fileID: 2100000, guid: 65ad2156cef714df4a43a54e3223f17b,
    type: 2}
  stencilFrontBack: {fileID: 2100000, guid: aa839872bdf8a4adc9d47ad6e0245399, type: 2}
  stencilBackAlways: {fileID: 2100000, guid: 65db62f9f2d274cacaf692956e21bc4b, type: 2}
  stencilFrontAlways: {fileID: 2100000, guid: 57123bcb70ae645e9a88354bed7977b2, type: 2}
  stencilFront: {fileID: 2100000, guid: 8fb7e72f39a0f4731b99b200106c228b, type: 2}
  stencilBack: {fileID: 2100000, guid: 81af34b8a750741a0869a1d0571366c7, type: 2}
  alphaBackAlways: {fileID: 2100000, guid: fcf8be49f7db24e44ab120364cd4a077, type: 2}
  alphaFrontAlways: {fileID: 2100000, guid: a8635da114e5a4fb39a65242934d4fe7, type: 2}
  alphaFront: {fileID: 2100000, guid: 71788578136d74d5d91276f5d6b0be50, type: 2}
  alphaBack: {fileID: 2100000, guid: 5a808341912a74f71bdff31600650abd, type: 2}
  alphaFrontAlwaysNoBlendOp: {fileID: 2100000, guid: acb70adf4b43b4a7aa9fb3e8e4ef8546,
    type: 2}
  alphaBackNoBlendOp: {fileID: 2100000, guid: 203376e7542aa416e8605d0bc1c5181e, type: 2}
  shadowMesh: {fileID: 4300000, guid: 364f396aeaa91d345a10f2a91b07abfa, type: 2}
  isSimple: 0
  layer: 0
